@article{dammann2017genre,
  title={Genre classification of spotify songs using lyrics, audio previews, and album artwork},
  author={Dammann, Tyler and Haugh, Kevin},
  journal={CS229 Final Project, Stanford Univeristy, Fall},
  year={2017}
}

@article{werner2020organizing,
  title={Organizing music, organizing gender: algorithmic culture and Spotify recommendations},
  author={Werner, Ann},
  journal={Popular Communication},
  volume={18},
  number={1},
  pages={78--90},
  year={2020},
  publisher={Taylor \& Francis}
}

@article{hendri2024comparation,
  title={Comparation of Decision Tree Algorithm, Naive Bayes, K-Nearest Neighbords on Spotify Music Genre},
  author={Hendri, Desvita and Nadha, Diana and Basri, Faishal Khairi and Wajdi, Muhammad Farid and Nadhirah, Nurul},
  journal={IJATIS: Indonesian Journal of Applied Technology and Innovation Science},
  volume={1},
  number={1},
  pages={47--53},
  year={2024}
}

@article{terroso2023evolution,
  title={Evolution of global music trends: An exploratory and predictive approach based on spotify data},
  author={Terroso-Saenz, Fernando and Soto, Jesus and Mu{\~n}oz, Andres},
  journal={Entertainment Computing},
  volume={44},
  pages={100536},
  year={2023},
  publisher={Elsevier}
}

@book{kaggle_spotify_genre,
  author = {Kaggle},
  title = {Spotify Tracks Genre Dataset},
  note = {Retrieved from \url{https://www.kaggle.com/datasets/thedevastator/spotify-tracks-genre-dataset}},
  year = {n.d.}
}

@book{lane2003introduction,
  title={Introduction to statistics},
  author={Lane, David and Scott, David and Hebl, Mikki and Guerra, Rudy and Osherson, Dan and Zimmer, Heidi},
  year={2003},
  publisher={Citeseer}
}

@book{krishnapuram2011cost,
  title={Cost-sensitive machine learning},
  author={Krishnapuram, Balaji and Yu, Shipeng and Rao, R Bharat},
  year={2011},
  publisher={CRC Press}
}

@book{standardization_source,
  author = {Jim Frost},
  title = {Standardization},
  note = {Retrieved from \url{https://statisticsbyjim.com/glossary/standardization/}},
  year = {n.d.}
}

@book{log_transformation_source,
  author = {N. et al.},
  title = {Log transformation: Application in data analysis},
  note = {Retrieved from \url{https://pmc.ncbi.nlm.nih.gov/articles/PMC9036143/}},
  year = {2022}
}

@article{prokhorenkova2018catboost,
  title={CatBoost: unbiased boosting with categorical features},
  author={Prokhorenkova, Liudmila and Gusev, Gleb and Vorobev, Aleksandr and Dorogush, Anna Veronika and Gulin, Andrey},
  journal={Advances in Neural Information Processing Systems},
  volume={31},
  pages={6638--6648},
  year={2018},
  url={https://arxiv.org/abs/1810.11363}
}

@article{Brereton2010Support,
title={Support vector machines for classification and regression.},
author={R. Brereton and G. Lloyd},
journal={The Analyst},
year={2010},
volume={135 2},
pages={ 230-67 },
doi={10.1039/b918972f}
}

@article{Multi-Output-Regression,
    author = {Scikit Learn} ,
    title = {Multi-Output Regressor},
    journal = {Retrieved from \url{https://scikit-learn.org/dev/modules/generated/sklearn.multioutput.MultiOutputRegressor.html}},
    year = {n.d.}
}

@article{XGBoostRegressor,
    author = {XGBoostRegressor} ,
    title = {XGBoostRegressor based on XGBoost},
    journal = {Retrieved from \url{https://docs.getml.com/1.1.0/api/getml.predictors.XGBoostRegressor.html}},
    year = {n.d.}
}

@article{Prophet,
    author = {Meta} ,
    title = {Prophet Time Series Forecasting},
    journal = {Retrieved from \url{https://facebook.github.io/prophet/docs/quick_start.html}},
    year = {n.d.}
}

@article{TimeSeriesPaper,
title = {Deep learning-based multi-target regression for traffic-related air pollution forecasting},
journal = {Machine Learning with Applications},
year = {2023},
issn = {2666-8270},
doi = {https://doi.org/10.1016/j.mlwa.2023.100474},
url = {https://www.sciencedirect.com/science/article/pii/S2666827023000270},
author = {Taofeek Dolapo Akinosho and Muhammad Bilal and Enda Thomas Hayes and Anuoluwapo Ajayi and Ashraf Ahmed and Zaheer Khan},
keywords = {Traffic-related pollution, Road transport, Multi-target regression, Deep learning, Pollution forecasting},
}

@book{TimeSeriesBook,
title = "Forecasting: Principles and Practice",
author = "Hyndman, {Robin John} and George Athanasopoulos",
year = "2018",
language = "English",
publisher = "OTexts",
address = "Australia",
edition = "2nd",
}

@article{ParentGenreSite,
    author = {www.chosic.com},
    title = music-genre-finder,
    url = {https://www.chosic.com/music-genre-finder/}
}

@inproceedings{weinberger2009feature,
  author       = {Weinberger, Kilian Q. and Dasgupta, Anirban and Langford, John and Smola, Alexander and Attenberg, Josh},
  title        = {Feature Hashing for Large Scale Multitask Learning},
  booktitle    = {Proceedings of the 26th Annual International Conference on Machine Learning (ICML)},
  pages        = {1113--1120},
  year         = {2009},
  doi          = {10.1145/1553374.1553516},
  publisher    = {ACM}
}

@article{Breiman2001,
  author  = {L. Breiman},
  title   = {Random forests},
  journal = {Machine Learning},
  volume  = {45},
  number  = {1},
  pages   = {5--32},
  year    = {2001}
}

@book{Hosmer2013,
  author    = {D. W. Hosmer and S. Lemeshow and R. X. Sturdivant},
  title     = {Applied Logistic Regression},
  publisher = {John Wiley \& Sons},
  year      = {2013}
}

@article{Friedman2001,
  author  = {J. H. Friedman},
  title   = {Greedy function approximation: A gradient boosting machine},
  journal = {Annals of Statistics},
  volume  = {29},
  number  = {5},
  pages   = {1189--1232},
  year    = {2001}
}
@inproceedings{Reimers2019,
  author    = {Nils Reimers and Iryna Gurevych},
  title     = {Sentence-BERT: Sentence Embeddings using Siamese BERT-Networks},
  booktitle = {Proceedings of the 2019 Conference on Empirical Methods in Natural Language Processing (EMNLP)},
  pages     = {3982--3992},
  year      = {2019},
  publisher = {Association for Computational Linguistics},
  doi       = {10.18653/v1/D19-1410},
  url       = {https://aclanthology.org/D19-1410}
}

@inproceedings{Mining_and_Forecasting_Career_Trajectories,
  author    = {Vincent W. Zheng and Chuan Shi and Xiaoli Li and Lei Li and Jing Zhang and Huanbo Luan and Hong Cheng},
  title     = {Mining and Forecasting Career Trajectories of Music Artists},
  booktitle = {Proceedings of the 24th ACM SIGKDD International Conference on Knowledge Discovery \& Data Mining (KDD '18)},
  year      = {2018},
  pages     = {950--958},
  publisher = {ACM},
  address   = {New York, NY, USA},
  doi       = {10.1145/3209542.3209554},
  url       = {https://dl.acm.org/doi/abs/10.1145/3209542.3209554}
}



@inproceedings{Collaboration_Profiles_Impact,
  author    = {Ga{\"{e}}l Richard and Christophe Peeters},
  title     = {Collaboration Profiles and Their Impact on Musical Success},
  booktitle = {Proceedings of the 12th ACM Conference on Recommender Systems (RecSys '18)},
  year      = {2018},
  pages     = {501--505},
  publisher = {ACM},
  address   = {New York, NY, USA},
  doi       = {10.1145/3297280.3297483},
  url       = {https://dl.acm.org/doi/10.1145/3297280.3297483}
}

@article{smote,
  title={SMOTE: Synthetic minority over-sampling technique},
  author={Chawla, Nitesh V and Bowyer, Kevin W and Hall, Lawrence O and Kegelmeyer, W Philip},
  journal={Journal of artificial intelligence research},
  volume={16},
  pages={321--357},
  year={2002},
  note={\url{https://www.jair.org/index.php/jair/article/view/10302}}
}

@inproceedings{antoniou2017data,
  title={Data augmentation generative adversarial networks},
  author={Antoniou, Antreas and Storkey, Amos and Edwards, Harrison},
  booktitle={arXiv preprint arXiv:1711.04340},
  year={2017},
  note={\url{https://arxiv.org/abs/1711.04340}}
}

@inproceedings{snoek2012practical,
  title={Practical Bayesian optimization of machine learning algorithms},
  author={Snoek, Jasper and Larochelle, Hugo and Adams, Ryan P},
  booktitle={Advances in neural information processing systems},
  pages={2951--2959},
  year={2012},
  note={\url{https://proceedings.neurips.cc/paper/2012/hash/05311655a15b75fab86956663e1819cd-Abstract.html}}
}

@inproceedings{bergstra2011algorithms,
  title={Algorithms for hyper-parameter optimization},
  author={Bergstra, James and Bardenet, R{\'e}mi and Bengio, Yoshua and K{\'e}gl, Bal{\'a}zs},
  booktitle={Advances in neural information processing systems},
  pages={2546--2554},
  year={2011},
  note={\url{https://papers.nips.cc/paper_files/paper/2011/hash/86e8f7ab32cfd12577bc2619bc635690-Abstract.html}}
}

@article{zoph2016neural,
  title={Neural architecture search with reinforcement learning},
  author={Zoph, Barret and Le, Quoc V},
  journal={arXiv preprint arXiv:1611.01578},
  year={2016},
  note={\url{https://arxiv.org/abs/1611.01578}}
}

@article{hinton2006reducing,
  title={Reducing the dimensionality of data with neural networks},
  author={Hinton, Geoffrey E and Salakhutdinov, Ruslan R},
  journal={Science},
  volume={313},
  number={5786},
  pages={504--507},
  year={2006},
  note={\url{https://www.science.org/doi/10.1126/science.1127647}}
}

@article{bengio2013representation,
  title={Representation learning: A review and new perspectives},
  author={Bengio, Yoshua and Courville, Aaron and Vincent, Pascal},
  journal={IEEE transactions on pattern analysis and machine intelligence},
  volume={35},
  number={8},
  pages={1798--1828},
  year={2013},
  note={\url{https://ieeexplore.ieee.org/document/6472238}}
}

@article{hochreiter1997long,
  title={Long short-term memory},
  author={Hochreiter, Sepp and Schmidhuber, J{\"u}rgen},
  journal={Neural computation},
  volume={9},
  number={8},
  pages={1735--1780},
  year={1997},
  note={\url{https://direct.mit.edu/neco/article/9/8/1735/6109/Long-Short-Term-Memory}}
}

@inproceedings{lea2017temporal,
  title={Temporal convolutional networks for action segmentation and detection},
  author={Lea, Colin and Flynn, Michael D and Vidal, Ren{\'e} and Reiter, Austin and Hager, Gregory D},
  booktitle={Proceedings of the IEEE conference on computer vision and pattern recognition},
  pages={156--165},
  year={2017},
  note={\url{https://openaccess.thecvf.com/content_cvpr_2017/html/Lea_Temporal_Convolutional_Networks_CVPR_2017_paper.html}}
}

@inproceedings{bertin2011million,
  title={The Million Song Dataset},
  author={Bertin-Mahieux, Thierry and Ellis, Daniel PW and Whitman, Brian and Lamere, Paul},
  booktitle={Proceedings of the 12th International Society for Music Information Retrieval Conference (ISMIR 2011)},
  pages={591--596},
  year={2011},
  note={\url{https://millionsongdataset.com/}}
}

@article{arik2021tabnet,
  title={TabNet: Attentive interpretable tabular learning},
  author={Arik, Sercan O and Pfister, Tomas},
  journal={arXiv preprint arXiv:1908.07442},
  year={2021},
  note={\url{https://arxiv.org/abs/1908.07442}}
}

@inproceedings{choi2017convolutional,
  author={Srivastava, Noopur and Ruhil, Shivam and Kaushal, Gaurav},
  booktitle={2022 IEEE 6th Conference on Information and Communication Technology (CICT)}, 
  title={Music Genre Classification using Convolutional Recurrent Neural Networks}, 
  year={2022},
  volume={},
  number={},
  pages={1-5},
  keywords={Deep learning;Recurrent neural networks;Data models;Information and communication technology;Convolutional neural networks;Task analysis;Testing;music genre classification;convolutional neural networks;recurrent neural networks;convolutional recurrent neural networks},
  doi={10.1109/CICT56698.2022.9997961}}

@article{lundberg2017unified,
  title={A unified approach to interpreting model predictions},
  author={Lundberg, Scott M and Lee, Su-In},
  journal={Advances in neural information processing systems},
  volume={30},
  pages={4765--4774},
  year={2017},
  note={\url{https://proceedings.neurips.cc/paper/2017/hash/8a20a8621978632d76c43dfd28b67767-Abstract.html}}
}

@inproceedings{ribeiro2016should,
  title={``Why should I trust you?'' Explaining the predictions of any classifier},
  author={Ribeiro, Marco Tulio and Singh, Sameer and Guestrin, Carlos},
  booktitle={Proceedings of the 22nd ACM SIGKDD international conference on knowledge discovery and data mining},
  pages={1135--1144},
  year={2016},
  note={\url{https://dl.acm.org/doi/10.1145/2939672.2939778}}
}

@inproceedings{Test_Training_Leakage,
author = {Matania, Omri and Cohen, Roee and Bechhoefer, Eric and Bortman, Jacob},
year = {2024},
month = {07},
pages = {},
title = {Test-Training Leakage in Evaluation of Machine Learning Algorithms for Condition-Based Maintenance},
doi = {10.36001/phme.2024.v8i1.4125}
}

@article{shrestha2020detecting,
  title={Detecting Multicollinearity in Regression Analysis},
  author={Shrestha, N.},
  journal={American Journal of Applied Mathematics and Statistics},
  volume={8},
  number={2},
  pages={39--42},
  year={2020},
  note={Available at: \url{https://pubs.sciepub.com/ajams/8/2/1/}}
}
